% This file was created with JabRef 2.10b2.
% Encoding: UTF-8


@Article{Folkner2014,
  Title                    = {The planetary and lunar ephemerides DE430 and DE431},
  Author                   = {Folkner, William M and Williams, James G and Boggs, Dale H and Park, Ryan S and Kuchynka, Petr},
  Journal                  = {Interplanet. Netw. Prog. Rep},
  Year                     = {2014},
  Pages                    = {1--81},
  Volume                   = {196},

  __markedentry            = {[joseba:6]},
  Owner                    = {joseba},
  Timestamp                = {2016.05.22}
}

